@article{Junker2001,
  year={2001},
  journal={Applied Psychological Measurement},
  title={Cognitive assessment models with few assumptions, and connections with nonparametric item response theory},  
  author={Junker, Brian, and  Sijtsma, Klaas },
  pages={258-272},
  volume = {25}
}
@book{tatsuoka1984,
  title={Analysis of errors in fraction addition and subtraction problems},
  author={Tatsuoka, Kikumi K},
  year={1984},
  publisher={Computer-based Education Research Laboratory, University of Illinois}
}
@article{de2009dina,
  title={DINA model and parameter estimation: A didactic},
  author={{de la Torre}, Jimmy},
  journal={Journal of Educational and Behavioral Statistics},
  volume={34},
  number={1},
  pages={115--130},
  year={2009}
}
@book{rupp:2010,
	Address = {New York},
	Author = {Rupp, A. A. and Templin, J. L. and Henson, R. A.},
	Publisher = {Guilford},
	Title = {Diagnostic assessment: Theory, methods, and applications},
	Year = 2010
}
@article{delatorre2004,
  year={2004},
  journal={Psychometrika},
  title={Higher-order latent trait models for cognitive diagnosis},
  author={Jimmy {de la torre} and Jeffrey A. Douglas  },
  pages={333-353},
  volume = {69}
}
@article{gelman2008weakly,
  title={A weakly informative default prior distribution for logistic and other regression models},
  author={Gelman, Andrew and Jakulin, Aleks and Pittau, Maria Grazia and Su, Yu-Sung},
  journal={The Annals of Applied Statistics},
  pages={1360--1383},
  year={2008},
  publisher={JSTOR}
}
@article{masters1982rasch,
  title={A Rasch model for partial credit scoring},
  author={Masters, Geoff N},
  journal={Psychometrika},
  volume={47},
  number={2},
  pages={149--174},
  year={1982},
  publisher={Springer}
}
@article{Spiegelhalter2002,
	author       = "David J Spiegelhalter, Nicola G Best, Bradley P Carlin and Angelika {Van Der Linde}",
	title        = "Bayesian measures of model complexity and fit",
	year         = "2002",
	journal      = "Journal of the Royal Statistical Society: Series B (Statistical Methodology)",
	volume       = "64",
	issue		 = "4",
	pages        = "583-639",
}
@incollection{Thissen1993,
  author       = {D Thissen and L Steinberg and H Wainer},
  title        = {Detection of differential item functioning using the parameters of item response models},
  booktitle    = {Differential Item Functioning},
  publisher    = {Lawrence Erlbaum},
  year         = 1993,
  editor       = {P Holland and H Wainer},
  pages        = {67-114},
  address      = {Hillsdale, NJ},
}
@book{Gelman2004,
  author       = "Andrew Gelman and John B. Carlin and Hal S. Stern and Donald B. Rubin",
	title        = "Bayesian Data Analysis",
	year         = "2003",
	publisher    = "Chapman & Hall/CRC",
	address      = "Boca Raton, FL",
	series       = "Texts in Statistical Science",
	edition      = "2nd",
}
@article{sinharay2006posterior,
  title={Posterior predictive assessment of item response theory models},
  author={Sinharay, Sandip and Johnson, Matthew S and Stern, Hal S},
  journal={Applied Psychological Measurement},
  volume={30},
  number={4},
  pages={298--321},
  year={2006},
  publisher={Sage Publications}
}
@article{chen1997local,
  title={Local dependence indexes for item pairs using item response theory},
  author={Chen, Wen-Hung and Thissen, David},
  journal={Journal of Educational and Behavioral Statistics},
  volume={22},
  number={3},
  pages={265--289},
  year={1997},
  publisher={Sage Publications}
}
@article{gelman1996posterior,
  title={Posterior predictive assessment of model fitness via realized discrepancies},
  author={Gelman, Andrew and Meng, Xiao-Li and Stern, Hal},
  journal={Statistica sinica},
  volume={6},
  number={4},
  pages={733--760},
  year={1996},
}
@article{marshall2003approximate,
  title={Approximate cross-validatory predictive checks in disease mapping models},
  author={Marshall, EC and Spiegelhalter, DJ},
  journal={Statistics in medicine},
  volume={22},
  number={10},
  pages={1649--1660},
  year={2003},
  publisher={Wiley Online Library}
}
@article{beguin2001mcmc,
  title={MCMC estimation and some model-fit analysis of multidimensional IRT models},
  author={B{\'e}guin, Anton A and Glas, Ceec AW},
  journal={Psychometrika},
  volume={66},
  number={4},
  pages={541--561},
  year={2001},
  publisher={Springer}
}
@book{gelman2014bayesian,
  title={Bayesian data analysis},
  author={Gelman, Andrew and Carlin, John B and Stern, Hal S and Rubin, Donald B},
  edition={2},
  year={2014},
  publisher={Taylor \& Francis}
}
@misc{Vehtari2015efficient,
  title={Efficient implementation of leave-one-out cross-validation and WAIC for evaluating fitted Bayesian models},
  author={Aki Vehtari and Andrew Gelman and Jonah Gabry},
  year={2015},
  howpublished={\url{http://www.stat.columbia.edu/~gelman/research/unpublished/loo_stan.pdf}},
}
@article{glas2003computerized,
  title={Computerized adaptive testing with item cloning},
  author={Glas, Cees AW and {van der Linden}, Wim J},
  journal={Applied Psychological Measurement},
  volume={27},
  number={4},
  pages={247--261},
  year={2003},
  publisher={Sage Publications}
}
@manual{testfact4,
  author={Wood, R., and Wilson, D. T., and Gibbons, R. D., and Schilling, S. G., and Muraki, E., and Bock, R. D.},
  title={TESTFACT 4 for Windows: Test Scoring, Item Statistics, and Full-information Item Factor Analysis},
  year={2003},
  organization={Scientific Software International},
  address={Lincolnwood, IL},
}
@manual{Karlheinz1992,
  author={R Karlheinzand and A Melich},
  title={Euro-Barometer 38.1: Consumer Protection and Perceptions of Science and Technology},
  year={1992},
  organization={INRA (Europe)},
  address={Brussels},
}
@article{andrich1978rating,
  title={A rating formulation for ordered response categories},
  author={Andrich, David},
  journal={Psychometrika},
  volume={43},
  number={4},
  pages={561--573},
  year={1978},
  publisher={Springer}
}
@book{mullis2012timss,
  title={TIMSS 2011 international results in mathematics.},
  author={Mullis, Ina V S and Martin, Michael O and Foy, Pierre and Arora, Alka},
  year={2012},
  publisher={ERIC}
}
@article{andrich1978rating,
  title={A rating formulation for ordered response categories},
  author={Andrich, David},
  journal={Psychometrika},
  volume={43},
  number={4},
  pages={561--573},
  year={1978},
  publisher={Springer}
}
@book{Rasch1960a,
	author       = "George Rasch",
	title        = "Probabilistic models for some intelligence and attainment tests",
	year         = "1960",
	publisher    = "Danish Institute for Educational Research",
	address      = "Copenhagen"
}
@article{husen1967international,
  title={International Study of Achievement in Mathematics, a comparison of twelve countries, Volume I},
  author={Husen, Torsten and others},
  year={1967},
  publisher={ERIC}
}
@book{postlethwaite1967school,
  title={School organization and student achievement},
  author={Postlethwaite, Neville},
  year={1967},
  publisher={Almqvist \& Wiksell},
  address={Stockholm}
}
@article{swaminathan1985bayesian,
  title={Bayesian estimation in the two-parameter logistic model},
  author={Swaminathan, Hariharan and Gifford, Janice A},
  journal={Psychometrika},
  volume={50},
  number={3},
  pages={349--364},
  year={1985},
  publisher={Springer}
}
@article{muraki1992generalized,
  title={A generalized partial credit model: Application of an EM algorithm},
  author={Muraki, Eiji},
  journal={ETS Research Report Series},
  volume={1992},
  number={1},
  pages={i--30},
  year={1992},
  publisher={Wiley Online Library}
}